@inproceedings{vanhoef,
  author        = {Mathy Vanhoef and Frank Piessens},
  title         = {Key Reinstallation Attacks: Forcing Nonce Reuse in {WPA2}},
  booktitle     = {Proceedings of the 24th ACM Conference on Computer and Communications Security (CCS)},
  year          = {2017},
  publisher     = {ACM}
}
@inproceedings{mustafa,
  author        = {Tagwa Gali, Amin Babiker and Nabi Mustafa},
  title         = {A Comparative Study between WEP, WPA and WPA2 Security Algorithms},
  booktitle     = {International Journal of Science and Research},
  year          = {2013},
  publisher     = {IJSR}
}
@inproceedings{viehbock,
  author        = {Stefan Viehb√∂ck},
  title         = {Brute Forcing Wi-Fi Protected Setup},
  booktitle     = {Krebs on Security},
  year          = {2012},
  publisher     = {Wordpress}
}
@misc{aircrack,
  title = {Aircrack-ng Tool Suite},
  author= {Thomas D'Otreppe},
  howpublished = {\url{https://www.aircrack-ng.org}},
  note = {Accessed: 2019-05-4}
}